<record><leader>00000cas a22000007a 4500</leader><controlfield tag="001">13573672</controlfield><controlfield tag="008">860515d19271963wiuwr ne      0    0eng d</controlfield><datafield ind1=" " ind2=" " tag="010"><subfield code="a">sn 86086208 </subfield></datafield><datafield ind1=" " ind2=" " tag="040"><subfield code="a">NPV</subfield><subfield code="b">eng</subfield><subfield code="c">NPV</subfield><subfield code="d">OCLCQ</subfield></datafield><datafield ind1=" " ind2=" " tag="042"><subfield code="a">msc</subfield></datafield><datafield ind1=" " ind2=" " tag="045"><subfield code="a">x2x6</subfield></datafield><datafield ind1=" " ind2=" " tag="052"><subfield code="a">4123</subfield><subfield code="b">E2</subfield></datafield><datafield ind1="0" ind2=" " tag="130"><subfield code="a">Union (Augusta, Wis.)</subfield></datafield><datafield ind1="1" ind2="4" tag="245"><subfield code="a">The union.</subfield></datafield><datafield ind1="1" ind2="3" tag="246"><subfield code="a">Fairchild observer</subfield></datafield><datafield ind1="1" ind2="3" tag="246"><subfield code="a">Augusta eagle times</subfield></datafield><datafield ind1="1" ind2="3" tag="246"><subfield code="a">Fall Creek journal</subfield></datafield><datafield ind1=" " ind2=" " tag="260"><subfield code="a">Augusta, Wis. :</subfield><subfield code="b">Union Print. Co.,</subfield><subfield code="c">1927-1963.</subfield></datafield><datafield ind1=" " ind2=" " tag="300"><subfield code="a">v. :</subfield><subfield code="b">ill.</subfield></datafield><datafield ind1=" " ind2=" " tag="310"><subfield code="a">Weekly</subfield></datafield><datafield ind1="0" ind2=" " tag="362"><subfield code="a">Vol. 52, no. 46 (Mar. 10, 1927)-v. 89, no. 52 (Dec. 25, 1963).</subfield></datafield><datafield ind1=" " ind2=" " tag="500"><subfield code="a">Publisher varies.</subfield></datafield><datafield ind1=" " ind2=" " tag="500"><subfield code="a">Added masthead: Fairchild observer, March 10, 1927-April 10, 1947.</subfield></datafield><datafield ind1=" " ind2=" " tag="500"><subfield code="a">Added masthead: Augusta eagle times, March 10, 1927-April 10, 1947.</subfield></datafield><datafield ind1=" " ind2=" " tag="500"><subfield code="a">Added masthead: Fall Creek journal, March 10, 1927-April 10, 1947.</subfield></datafield><datafield ind1=" " ind2=" " tag="500"><subfield code="a">Editor: E.M. Herrell, April 25, 1946-Dec. 25, 1963.</subfield></datafield><datafield ind1=" " ind2=" " tag="530"><subfield code="a">Available on microfilm from The State Historical Society of Wisconsin.</subfield></datafield><datafield ind1=" " ind2=" " tag="580"><subfield code="a">Formed by the union of the Augusta Eagle Times, Fairchild Observer and the Fall Creek Journal.</subfield></datafield><datafield ind1=" " ind2=" " tag="752"><subfield code="a">United States</subfield><subfield code="b">Wisconsin</subfield><subfield code="c">Eau Claire</subfield><subfield code="d">Augusta.</subfield></datafield><datafield ind1=" " ind2=" " tag="752"><subfield code="a">United States</subfield><subfield code="b">Wisconsin</subfield><subfield code="c">Eau Claire</subfield><subfield code="d">Fairchild.</subfield></datafield><datafield ind1=" " ind2=" " tag="752"><subfield code="a">United States</subfield><subfield code="b">Wisconsin</subfield><subfield code="c">Eau Claire</subfield><subfield code="d">Fall Creek.</subfield></datafield><datafield ind1="1" ind2="4" tag="780"><subfield code="t">Augusta eagle times</subfield><subfield code="w">(DLC)sn 86086209</subfield></datafield><datafield ind1="1" ind2="4" tag="780"><subfield code="t">Fairchild observer (Fairchild, Wis. : 1927)</subfield><subfield code="w">(DLC)sn 86086210</subfield></datafield><datafield ind1="1" ind2="4" tag="780"><subfield code="t">Fall Creek journal (Fall Creek, Wis. : 1927)</subfield><subfield code="w">(DLC)sn 86086211</subfield></datafield><datafield ind1="0" ind2="0" tag="785"><subfield code="t">Augusta area times (Augusta, Wis)</subfield><subfield code="w">(DLC)sn 84007014</subfield></datafield><datafield ind1="1" ind2=" " tag="029"><subfield code="a">AU@</subfield><subfield code="b">000025824888</subfield></datafield></record>